@article{draft_alg,
 author = {Ni, Lionel M. and Xu, Chong-Wei and Gendreau, Thomas B.},
 title = {A Distributed Drafting Algorithm for Load Balancing},
 journal = {IEEE Trans. Softw. Eng.},
 issue_date = {October 1985},
 volume = {11},
 number = {10},
 month = oct,
 year = {1985},
 issn = {0098-5589},
 pages = {1153--1161},
 numpages = {9},
 url = {http://dx.doi.org/10.1109/TSE.1985.231863},
 doi = {10.1109/TSE.1985.231863},
 acmid = {4520},
 publisher = {IEEE Press},
 address = {Piscataway, NJ, USA},
 keywords = {Bidding algorithm, computer network, distributed algorithm, distributed operation system, distributed system, load balancing, process migration, system performance, system performance, Bidding algorithm, computer network, distributed algorithm, distributed operation system, distributed system, load balancing, process migration},
} 

@article{dyn_bal_web,
 author = {Cardellini, Valeria and Colajanni, Michele and Yu, Philip S.},
 title = {Dynamic Load Balancing on Web-Server Systems},
 journal = {IEEE Internet Computing},
 issue_date = {May 1999},
 volume = {3},
 number = {3},
 month = may,
 year = {1999},
 issn = {1089-7801},
 pages = {28--39},
 numpages = {12},
 url = {http://dx.doi.org/10.1109/4236.769420},
 doi = {10.1109/4236.769420},
 acmid = {613401},
 publisher = {IEEE Educational Activities Department},
 address = {Piscataway, NJ, USA},
}

@article{stat_load_bal_1985,
 author = {Tantawi, Asser N. and Towsley, Don},
 title = {Optimal static load balancing in distributed computer systems},
 journal = {J. ACM},
 issue_date = {April 1985},
 volume = {32},
 number = {2},
 month = apr,
 year = {1985},
 issn = {0004-5411},
 pages = {445--465},
 numpages = {21},
 url = {http://doi.acm.org/10.1145/3149.3156},
 doi = {10.1145/3149.3156},
 acmid = {3156},
 publisher = {ACM},
 address = {New York, NY, USA},
} 

@ARTICLE{perf_dlba,
    author = {Roy Williams},
    title = {Performance of Dynamic Load Balancing Algorithms for Unstructured Mesh Calculations},
    journal = {Concurrency},
    year = {1991},
    volume = {3},
    pages = {457--481}
}

@book{intro_scsi_perform,
 author = {Carlo Kopp},
 title = {An Introduction to SCSI Disk Performance},
 year = {2005},
 publisher = {Dr Carlo Kopp's Industry Publications},
} 

@book{raid_overview,
 author = {},
 title = {RAID Technology Overview},
 year = {2007},
 publisher = {Hewlett-Packard Development Company, L.P.},
} 

@book{cache_strategies,
 author = {Ramakrishna Karedla; J. Spencer Love; Bradley G. Wherry},
 title = {Caching Strategies to Improve Disk System Performance},
 year = {1994},
 publisher = {Computer},
} 

@book{cache_alg,
 author = {Andrew S. Tanenbaum; Albert S. Woodhull},
 title = {Operating Systems: Design and Implementation (Third Edition)},
 year = {2006},
 publisher = {Pearson Education, Inc.},
} 

@book{load_bal,
 author = {B. Litow; S.H. Hosseini; K. Vairavan; G.S. Wollfe},
 title = {Performance Characteristics of a Load Balancing Algorithm},
 year = {1995},
 publisher = {Journal of Parallel and Distributed Computing},
} 

@book{oper_sys_conc,
 author = {Abraham Silberschatz; James Peterson},
 title = {Operating System Concepts, 8th edition},
 year = {1982},
 publisher = {Addison-Wesley},
} 

@book{book_of_scsi,
 author = {Gary Field; Peter M. Ridge},
 title = {The Book of SCSI, 2nd Edition},
 year = {2000},
 publisher = {Publishers Group West},
} 

@book{guide_dyn_bal,
 author = {Ali M. Alakeel},
 title = {A Guide to Dynamic Load Balancing in Distributed Computer Systems},
 year = {2010},
 publisher = {IJCSNS International Journal of Computer Science and Network Security, VOL.10 No.6},
} 

@book{hp_642_desc,
 author = {},
 title = {HP Smart Array 642 Controller},
 year = {2009},
 publisher = {Hewlett-Packard},
} 

@book{scsi3_bc,
 author = {T10 Technical Committee},
 title = {Working Draft. Revision 35. Information technology - SCSI Block Commands - 3 (SBC-3)},
 year = {2012},
 publisher = {Technical Committee of Accredited Standards Committee INCITS},
} 

@book{ultra320,
 author = {Michael Arellano},
 title = {Ultra320 SCSI: New Technology - Still SCSI},
 year = {2001},
 publisher = {SCSI Trade Association},
} 

@book{ata_spec,
 author = {T13 Technical Committee},
 title = {Working Draft. Revision 4c. AT Attachment 8 - ATA/ATAPI Command Set (ATA8-ACS)},
 year = {2007},
 publisher = {American National Standard of Accredited Standards Committee INCITS},
} 

@book{which_raid,
 author = {},
 title = {Which RAID Level is Right for Me?},
 year = {2010},
 publisher = {Adaptec, Inc.},
} 

@book{increase_pci,
 author = {},
 title = {Techniques for Increasing PCI Performance},
 year = {1999},
 publisher = {Intel Corporation},
}







